<record><leader>00000cas a22000007a 4500</leader><controlfield tag="001">2260094</controlfield><controlfield tag="008">760620c18729999paudn ne      0   a0eng d</controlfield><datafield ind1=" " ind2=" " tag="010"><subfield code="a">sn 78002063 </subfield></datafield><datafield ind1=" " ind2=" " tag="040"><subfield code="a">PIT</subfield><subfield code="b">eng</subfield><subfield code="c">PIT</subfield><subfield code="d">NSD</subfield><subfield code="d">NPU</subfield><subfield code="d">NPH</subfield><subfield code="d">NPX</subfield><subfield code="d">DLC</subfield><subfield code="d">NJW</subfield><subfield code="d">NPH</subfield><subfield code="d">NVJ</subfield><subfield code="d">KRTAS</subfield><subfield code="d">OCLCQ</subfield><subfield code="d">DLC</subfield><subfield code="d">OCLCF</subfield></datafield><datafield ind1="1" ind2=" " tag="022"><subfield code="a">0163-3082</subfield><subfield code="l">0163-3082</subfield><subfield code="2">1</subfield></datafield><datafield ind1="1" ind2=" " tag="029"><subfield code="a">AU@</subfield><subfield code="b">000025822991</subfield></datafield><datafield ind1=" " ind2=" " tag="032"><subfield code="a">143820</subfield><subfield code="b">USPS</subfield></datafield><datafield ind1=" " ind2=" " tag="037"><subfield code="b">Daily Local News, 250 N. Bradford Ave., Box 517, West Chester, Pa. 19382</subfield></datafield><datafield ind1=" " ind2=" " tag="042"><subfield code="a">nsdp</subfield><subfield code="a">msc</subfield></datafield><datafield ind1=" " ind2=" " tag="043"><subfield code="a">n-us-pa</subfield></datafield><datafield ind1="0" ind2="0" tag="050"><subfield code="a">Newspaper 9375-X</subfield></datafield><datafield ind1="0" ind2=" " tag="130"><subfield code="a">Daily local news (West Chester, Pa.)</subfield></datafield><datafield ind1=" " ind2="0" tag="222"><subfield code="a">Daily local news (West Chester)</subfield></datafield><datafield ind1="1" ind2="0" tag="245"><subfield code="a">Daily local news.</subfield></datafield><datafield ind1="1" ind2="0" tag="246"><subfield code="a">West Chester local news</subfield></datafield><datafield ind1=" " ind2=" " tag="260"><subfield code="a">West Chester, Pa. :</subfield><subfield code="b">W.H. Hodgson</subfield></datafield><datafield ind1=" " ind2=" " tag="300"><subfield code="a">v. :</subfield><subfield code="b">ill. ;</subfield><subfield code="c">54-59 cm.</subfield></datafield><datafield ind1=" " ind2=" " tag="310"><subfield code="a">Daily</subfield></datafield><datafield ind1=" " ind2=" " tag="321"><subfield code="a">Daily (except Sunday and holidays),</subfield><subfield code="b">Nov. 19, 1872-</subfield></datafield><datafield ind1="0" ind2=" " tag="362"><subfield code="a">Vol. 1, no. 1 (Nov. 19, 1872)-</subfield></datafield><datafield ind1=" " ind2=" " tag="500"><subfield code="a">Various editions available.</subfield></datafield><datafield ind1=" " ind2=" " tag="500"><subfield code="a">Editor: W.W. Thompson, &lt;1873-1890&gt;.</subfield></datafield><datafield ind1=" " ind2=" " tag="580"><subfield code="a">Weekly ed.: Jeffersonian (West Chester, Pa. : 1855).</subfield></datafield><datafield ind1=" " ind2="0" tag="651"><subfield code="a">West Chester (Pa.)</subfield><subfield code="v">Newspapers.</subfield></datafield><datafield ind1=" " ind2="7" tag="655"><subfield code="a">Newspapers.</subfield><subfield code="2">fast</subfield><subfield code="0">(OCoLC)fst01423814</subfield></datafield><datafield ind1=" " ind2="7" tag="651"><subfield code="a">Pennsylvania</subfield><subfield code="z">West Chester.</subfield><subfield code="2">fast</subfield><subfield code="0">(OCoLC)fst01202764</subfield></datafield><datafield ind1=" " ind2=" " tag="752"><subfield code="a">United States</subfield><subfield code="b">Pennsylvania</subfield><subfield code="c">Chester</subfield><subfield code="d">West Chester.</subfield></datafield><datafield ind1="1" ind2=" " tag="775"><subfield code="t">Jeffersonian (West Chester, Pa. : 1855)</subfield><subfield code="w">(DLC)sn 84026508</subfield></datafield><datafield ind1="0" ind2=" " tag="775"><subfield code="t">Sunday local news</subfield><subfield code="w">(DLC)sn 87062171</subfield></datafield><datafield ind1=" " ind2=" " tag="938"><subfield code="a">Kirtas Technologies, Inc.</subfield><subfield code="b">KRTS</subfield><subfield code="n">734187</subfield></datafield></record>